@article{farinotti2019consensus,
  title={A consensus estimate for the ice thickness distribution of all glaciers on Earth},
  author={Farinotti, Daniel and Huss, Matthias and F{\"u}rst, Johannes J and Landmann, Johannes and Machguth, Horst and Maussion, Fabien and Pandit, Ankur},
  journal={Nature Geoscience},
  volume={12},
  number={3},
  pages={168--173},
  year={2019},
  publisher={Nature Publishing Group}
}
@article{farinotti2016accurate,
  title={How accurate are estimates of glacier ice thickness? Results from ITMIX, the Ice Thickness Models Intercomparison eXperiment},
  author={Farinotti, Daniel and Brinkerhoff, Douglas and Clarke, Garry KC and F{\"u}rst, Johannes J and Frey, Holger and Gantayat, Prateek and Gillet-Chaulet, Fabien and Girard, Claire and Huss, Matthias and Leclercq, Paul W and others},
  journal={The Cryosphere Discussions},
  year={2016},
  publisher={Copernicus}
}
@article{bahr2015review,
  title={A review of volume-area scaling of glaciers},
  author={Bahr, David B and Pfeffer, W Tad and Kaser, Georg},
  journal={Reviews of Geophysics},
  volume={53},
  number={1},
  pages={95--140},
  year={2015},
  publisher={Wiley Online Library}
}
@article{roberti2018landslides,
  title={Landslides and glacier retreat at Mt. Meager volcano: hazard and risk challenges},
  author={Roberti, G and Ward, B and van Wyk de Vries, B and Falorni, G and Menounos, B and Friele, P and Williams-Jones, G and Clague, JJ and Perotti, G and Giardino, M and others},
  journal={GeoHazards 7, Canmore 2018},
  year={2018}
}
@article{reyes2004stratigraphic,
  title={Stratigraphic evidence for multiple Holocene advances of Lillooet Glacier, southern Coast mountains, British Columbia},
  author={Reyes, Alberto V and Clague, John J},
  journal={Canadian Journal of Earth Sciences},
  volume={41},
  number={8},
  pages={903--918},
  year={2004},
  publisher={NRC Research Press Ottawa, Canada}
}
@article{huss2012distributed,
  title={Distributed ice thickness and volume of all glaciers around the globe},
  author={Huss, Matthias and Farinotti, Daniel},
  journal={Journal of Geophysical Research: Earth Surface},
  volume={117},
  number={F4},
  year={2012},
  publisher={Wiley Online Library}
}
@article{langhammer2019glacier,
  title={Glacier thickness estimations of alpine glaciers using data and modeling constraints},
  author={Langhammer, Lisbeth and Grab, Melchior and Bauder, Andreas and Maurer, Hansruedi},
  journal={Cryosphere},
  volume={13},
  number={8},
  pages={2189--2202},
  year={2019}
}
@article{clarke2013ice,
  title={Ice volume and subglacial topography for western Canadian glaciers from mass balance fields, thinning rates, and a bed stress model},
  author={Clarke, Garry KC and Anslow, Faron S and Jarosch, Alexander H and Radi{\'c}, Valentina and Menounos, Brian and Bolch, Tobias and Berthier, Etienne},
  journal={Journal of Climate},
  volume={26},
  number={12},
  pages={4282--4303},
  year={2013}
<<<<<<< HEAD
}
@article{ramsankaran2018spatially,
  title={Spatially distributed ice-thickness modelling for Chhota Shigri Glacier in western Himalayas, India},
  author={Ramsankaran, RAAJ and Pandit, Ankur and Azam, Mohd Farooq},
  journal={International Journal of Remote Sensing},
  volume={39},
  number={10},
  pages={3320--3343},
  year={2018},
  publisher={Taylor \& Francis}
}
@article{werder2020bayesian,
  title={A Bayesian ice thickness estimation model for large-scale applications},
  author={Werder, Mauro A and Huss, Matthias and Paul, Frank and Dehecq, Amaury and Farinotti, Daniel},
  journal={Journal of Glaciology},
  volume={66},
  number={255},
  pages={137--152},
  year={2020},
  publisher={Cambridge University Press}
}
@article{colombero2019ice,
  title={Ice Thickness Estimation from Geophysical Investigations on the Terminal Lobes of Belvedere Glacier (NW Italian Alps)},
  author={Colombero, Chiara and Comina, Cesare and De Toma, Emanuele and Franco, Diego and Godio, Alberto},
  journal={Remote Sensing},
  volume={11},
  number={7},
  pages={805},
  year={2019},
  publisher={Multidisciplinary Digital Publishing Institute}
}
@article{pfeffer2014randolph,
  title={The Randolph Glacier Inventory: a globally complete inventory of glaciers},
  author={Pfeffer, W Tad and Arendt, Anthony A and Bliss, Andrew and Bolch, Tobias and Cogley, J Graham and Gardner, Alex S and Hagen, Jon-Ove and Hock, Regine and Kaser, Georg and Kienholz, Christian and others},
  journal={Journal of Glaciology},
  volume={60},
  number={221},
  pages={537--552},
  year={2014},
  publisher={Cambridge University Press}
}
@article{clarke2009neural,
  title={Neural networks applied to estimating subglacial topography and glacier volume},
  author={Clarke, Garry KC and Berthier, Etienne and Schoof, Christian G and Jarosch, Alexander H},
  journal={Journal of Climate},
  volume={22},
  number={8},
  pages={2146--2160},
  year={2009}
}
@article{brinkerhoff2016bayesian,
  title={Bayesian inference of subglacial topography using mass conservation},
  author={Brinkerhoff, Douglas J and Aschwanden, Andy and Truffer, Martin},
  journal={Frontiers in Earth Science},
  volume={4},
  pages={8},
  year={2016},
  publisher={Frontiers}
}
@article{glen1958flow,
  title={The flow law of ice: A discussion of the assumptions made in glacier theory, their experimental foundations and consequences},
  author={Glen, JW},
  journal={IASH Publ},
  volume={47},
  number={171},
  pages={e183},
  year={1958}
}
@article{main2019surge,
  title={Surge of Little Kluane Glacier in the St. Elias Mountains, Yukon, Canada, from 2017-2018},
  author={Main, Brittany and Copland, Luke and Samsonov, Sergey V and Dow, Christine F and Flowers, Gwenn E and Young, Erik and Kochtitzky, William Hardy},
  journal={AGUFM},
  volume={2019},
  pages={C31B--1517},
  year={2019}
}
@article{berthier2008spot5,
  title={SPOT5-HRS digital elevation models and the monitoring of glacier elevation changes in North-West Canada and South-East Alaska},
  author={Berthier, Etienne and Toutin, Thierry},
  journal={Remote Sensing of Environment},
  volume={112},
  number={5},
  pages={2443--2454},
  year={2008},
  publisher={Elsevier}
}
@article{gardner2019its_live,
  title={ITS\_LIVE Regional Glacier and Ice Sheet Surface Velocities},
  author={Gardner, AS and Fahnestock, MA and Scambos, TA},
  journal={Data archived at National Snow and Ice Data Center},
  year={2019}
}
@article{clarke2013ice,
  title={Ice volume and subglacial topography for western Canadian glaciers from mass balance fields, thinning rates, and a bed stress model},
  author={Clarke, Garry KC and Anslow, Faron S and Jarosch, Alexander H and Radi{\'c}, Valentina and Menounos, Brian and Bolch, Tobias and Berthier, Etienne},
  journal={Journal of Climate},
  volume={26},
  number={12},
  pages={4282--4303},
  year={2013}
=======
>>>>>>> ca00aa12bf48f0c5308aa0d751543af41f1cdb71
}